

@MISC{problem,
  author = {Bayer  T.},
  title = {Operace s uzavřenými oblastmi v GIS},
  howpublished = {[online]},
  year = {Naposledy navštíveno 8. 12. 2019},
  note = {Dostupné z: https://web.natur.cuni.cz/~bayertom/images/courses/Adk/adk9.pdf}
}

@MISC{problem2,
  author = {},
  title = {Matematické operace},
  howpublished = {[online]},
  year = {Naposledy navštíveno 8. 12. 2019},
  note = {Dostupné z: http://www.matfyz.jecool.net/wp-content/uploads/2015/03/venn3.png}
}