@MISC{convex,
  author = {},
  title = {Convex hull},
  howpublished = {[online]},
  year = {Naposledy navštíveno 30. 10. 2019},
  note = {Dostupné z: https://csdl-images.computer.org}
}

@MISC{delaunay,
  author = {},
  title = {Delaunay triangulation},
  howpublished = {[online]},
  year = {Naposledy navštíveno 10. 11. 2019},
  note = {Dostupné z: https://en.wikipedia.org/wiki/Delaunay\_triangulation}
}

@MISC{delaunay2,
  author = {},
  title = {Delaunay triangulation},
  howpublished = {[online]},
  year = {Naposledy navštíveno 10. 11. 2019},
  note = {Dostupné z: https://www.wikiwand.com/en/Delaunay\_triangulation}
}

@MISC{tin,
  author = {},
  title = {Triangulated irregular network},
  howpublished = {[online]},
  year = {Naposledy navštíveno 10. 11. 2019},
  note = {Dostupné z: https://www.wikiwand.com/en/Triangulated\_irregular\_network}
}

@MISC{analyzyCUZK,
  author = {},
  title = {Analýzy výškopisu},
  howpublished = {[online]},
  year = {Naposledy navštíveno 10. 11. 2019},
  note = {Dostupné z: https://ags.cuzk.cz/dmr/}
}

@MISC{slope,
  author = {Esri},
  title = {How Slope works},
  howpublished = {[online]},
  year = {Naposledy navštíveno 13. 11. 2019},
  note = {Dostupné z: http://desktop.arcgis.com/en/arcmap/10.3/tools/spatial-analyst-toolbox/how-slope-works.htm}
}

@MISC{aspect,
  author = {Esri},
  title = {How Aspect works},
  howpublished = {[online]},
  year = {Naposledy navštíveno 13. 11. 2019},
  note = {Dostupné z: http://desktop.arcgis.com/en/arcmap/10.3/tools/spatial-analyst-toolbox/how-aspect-works.htm}
}

@MISC{vugtk,
  author = {VÚGTK},
  title = {Terminologický slovník zeměměřictví a katastru nemovistostí},
  howpublished = {[online]},
  year = {Naposledy navštíveno 13. 11. 2019},
  note = {Dostupné z: http://www.vugtk.cz/slovnik/}
}







